<?xml version="1.0" encoding="UTF-8"?><record xmlns="http://www.loc.gov/MARC21/slim" xmlns:cinclude="http://apache.org/cocoon/include/1.0" xmlns:zs="http://www.loc.gov/zing/srw/">
  <leader>00531nz  a2200121n  4500</leader>
  <controlfield tag="001">n 2003001556</controlfield>
  <controlfield tag="003">DLC</controlfield>
  <controlfield tag="005">20030116142944.0</controlfield>
  <controlfield tag="008">030116n| acannaabn          |n aaa      </controlfield>
  <datafield tag="010" ind1=" " ind2=" ">
    <subfield code="a">n 2003001556</subfield>
  </datafield>
  <datafield tag="040" ind1=" " ind2=" ">
    <subfield code="a">DLC</subfield>
    <subfield code="b">eng</subfield>
    <subfield code="c">DLC</subfield>
  </datafield>
  <datafield tag="100" ind1="1" ind2=" ">
    <subfield code="a">Bise, Christopher J.</subfield>
  </datafield>
  <datafield tag="670" ind1=" " ind2=" ">
    <subfield code="a">Bise, Christopher J. Mining engineering analysis, 2003:</subfield>
    <subfield code="b">CIP t.p. (Christopher J. Bise) galley (Dr. Christopher J. Bise; professor and chair of both the Mining Engineering and Industrial Health and Safety programs at Penn. State Univ.; Ph.D. in 1980 [from Penn. State])</subfield>
  </datafield>
</record>